<record><leader>00000cas a22000007a 4500</leader><controlfield tag="001">13858762</controlfield><controlfield tag="008">860711d18871888inuwr ne      0    0eng d</controlfield><datafield ind1=" " ind2=" " tag="010"><subfield code="a">sn 86058667 </subfield></datafield><datafield ind1=" " ind2=" " tag="040"><subfield code="a">NPI</subfield><subfield code="b">eng</subfield><subfield code="c">NPI</subfield><subfield code="d">OCLCQ</subfield></datafield><datafield ind1=" " ind2=" " tag="042"><subfield code="a">msc</subfield></datafield><datafield ind1="0" ind2=" " tag="130"><subfield code="a">Ledger (Noblesville, Ind.)</subfield></datafield><datafield ind1="1" ind2="4" tag="245"><subfield code="a">The ledger.</subfield></datafield><datafield ind1=" " ind2=" " tag="260"><subfield code="a">Noblesville, Ind. :</subfield><subfield code="b">Bush &amp; Houx,</subfield><subfield code="c">1887-</subfield></datafield><datafield ind1=" " ind2=" " tag="300"><subfield code="a">v. :</subfield><subfield code="b">ill. (chiefly advertisements)</subfield></datafield><datafield ind1=" " ind2=" " tag="310"><subfield code="a">Weekly</subfield></datafield><datafield ind1="0" ind2=" " tag="362"><subfield code="a">Vol. 8, no. 24 (Aug. 12, 1887)-</subfield></datafield><datafield ind1="1" ind2=" " tag="362"><subfield code="a">Ceased in May 1888.</subfield><subfield code="z">Cf. Miller, John W. Indiana newspaper bibliog.</subfield></datafield><datafield ind1=" " ind2=" " tag="580"><subfield code="a">Published Sept. 1887- in a daily edition called: Daily ledger (Noblesville, Ind.).</subfield></datafield><datafield ind1=" " ind2=" " tag="752"><subfield code="a">United States</subfield><subfield code="b">Indiana</subfield><subfield code="c">Hamilton</subfield><subfield code="d">Noblesville.</subfield></datafield><datafield ind1="1" ind2=" " tag="775"><subfield code="t">Daily ledger (Noblesville, Ind.)</subfield><subfield code="w">(DLC)sn 86058668</subfield></datafield><datafield ind1="0" ind2="0" tag="780"><subfield code="t">Republican-ledger (Noblesville, Ind.)</subfield><subfield code="w">(DLC)sn 85038033</subfield></datafield><datafield ind1="0" ind2="0" tag="785"><subfield code="t">Hamilton County ledger</subfield><subfield code="w">(DLC)sn 86058669</subfield></datafield></record>